@inproceedings{DBLP:conf/rweb/EiterIK09,
  author    = {Thomas Eiter and
               Giovambattista Ianni and
               Thomas Krennwallner},
  title     = {Answer Set Programming: {A} Primer},
  booktitle = {Reasoning Web. Semantic Technologies for Information Systems, 5th
               International Summer School 2009, Brixen-Bressanone, Italy, August
               30 - September 4, 2009, Tutorial Lectures},
  pages     = {40--110},
  year      = {2009},
  crossref  = {DBLP:conf/rweb/2009},
  url       = {http://dx.doi.org/10.1007/978-3-642-03754-2_2},
  doi       = {10.1007/978-3-642-03754-2_2},
  timestamp = {Mon, 12 Oct 2009 15:28:18 +0200},
  biburl    = {http://dblp.uni-trier.de/rec/bib/conf/rweb/EiterIK09},
  bibsource = {dblp computer science bibliography, http://dblp.org}
}
@proceedings{DBLP:conf/rweb/2009,
  editor    = {Sergio Tessaris and
               Enrico Franconi and
               Thomas Eiter and
               Claudio Gutierrez and
               Siegfried Handschuh and
               Marie{-}Christine Rousset and
               Renate A. Schmidt},
  title     = {Reasoning Web. Semantic Technologies for Information Systems, 5th
               International Summer School 2009, Brixen-Bressanone, Italy, August
               30 - September 4, 2009, Tutorial Lectures},
  series    = {Lecture Notes in Computer Science},
  volume    = {5689},
  publisher = {Springer},
  year      = {2009},
  url       = {http://dx.doi.org/10.1007/978-3-642-03754-2},
  doi       = {10.1007/978-3-642-03754-2},
  isbn      = {978-3-642-03753-5},
  timestamp = {Mon, 12 Oct 2009 15:27:49 +0200},
  biburl    = {http://dblp.uni-trier.de/rec/bib/conf/rweb/2009},
  bibsource = {dblp computer science bibliography, http://dblp.org}
}
@article{DBLP:journals/ai/GebserKS12,
  author    = {Martin Gebser and
               Benjamin Kaufmann and
               Torsten Schaub},
  title     = {Conflict-driven answer set solving: From theory to practice},
  journal   = {Artif. Intell.},
  volume    = {187},
  pages     = {52--89},
  year      = {2012},
  url       = {http://dx.doi.org/10.1016/j.artint.2012.04.001},
  doi       = {10.1016/j.artint.2012.04.001},
  timestamp = {Wed, 16 May 2012 14:12:58 +0200},
  biburl    = {http://dblp.uni-trier.de/rec/bib/journals/ai/GebserKS12},
  bibsource = {dblp computer science bibliography, http://dblp.org}
}
@inproceedings{DBLP:conf/jelia/Dao-TranEFWW12,
  author    = {Minh Dao{-}Tran and
               Thomas Eiter and
               Michael Fink and
               Gerald Weidinger and
               Antonius Weinzierl},
  title     = {OMiGA : An Open Minded Grounding On-The-Fly Answer Set Solver},
  booktitle = {Logics in Artificial Intelligence - 13th European Conference, {JELIA}
               2012, Toulouse, France, September 26-28, 2012. Proceedings},
  pages     = {480--483},
  year      = {2012},
  crossref  = {DBLP:conf/jelia/2012},
  url       = {http://dx.doi.org/10.1007/978-3-642-33353-8_38},
  doi       = {10.1007/978-3-642-33353-8_38},
  timestamp = {Fri, 07 Sep 2012 12:44:12 +0200},
  biburl    = {http://dblp.uni-trier.de/rec/bib/conf/jelia/Dao-TranEFWW12},
  bibsource = {dblp computer science bibliography, http://dblp.org}
}
@proceedings{DBLP:conf/jelia/2012,
  editor    = {Luis Fari{\~{n}}as del Cerro and
               Andreas Herzig and
               J{\'{e}}r{\^{o}}me Mengin},
  title     = {Logics in Artificial Intelligence - 13th European Conference, {JELIA}
               2012, Toulouse, France, September 26-28, 2012. Proceedings},
  series    = {Lecture Notes in Computer Science},
  volume    = {7519},
  publisher = {Springer},
  year      = {2012},
  url       = {http://dx.doi.org/10.1007/978-3-642-33353-8},
  doi       = {10.1007/978-3-642-33353-8},
  isbn      = {978-3-642-33352-1},
  timestamp = {Fri, 07 Sep 2012 12:40:57 +0200},
  biburl    = {http://dblp.uni-trier.de/rec/bib/conf/jelia/2012},
  bibsource = {dblp computer science bibliography, http://dblp.org}
}
